@article{AHM51,
 author={Arrow, K.J. and Harris, T. and Marschak, J.},
 year={1951},
 title={Optimal inventory policy},
 journal={Econometrica},
 volume = {19},
 pages={250-272}
}

@article{BCPS08,
author = {U Benzion and Y Cohen and R Peled and T Shavit},
title = {Decision-making and the newsvendor problem: an experimental study},
journal = {Journal of the Operational Research Society},
volume = {59},
number = {9},
pages = {1281-1287},
year  = {2008},
publisher = {Taylor & Francis}
}

@article{BDC92,
author = {Benito E. Flores and David L. Olson and Christopher Wolfe},
title = {Judgmental adjustment of forecasts: A comparison of methods},
journal = {International Journal of Forecasting},
volume = {7},
number = {4},
pages = {421-433},
year = {1992}
}

@article{BHS08,
author = {Bostian, AJ A. and Holt, Charles A. and Smith, Angela M.},
title = {Newsvendor “Pull-to-Center” Effect: Adaptive Learning in a Laboratory Experiment},
journal = {Manufacturing \& Service Operations Management},
volume = {10},
number = {4},
pages = {590-608},
year = {2008}
}

@article{BK08,
author = {Bolton, Gary E. and Katok, Elena},
title = {Learning by Doing in the Newsvendor Problem: A Laboratory Investigation of the Role of Experience and Feedback},
journal = {Manufacturing \& Service Operations Management},
volume = {10},
number = {3},
pages = {519-538},
year = {2008}
}

@article{CLP15,
author = {Chen, Lucy Gongtao and Long, Daniel Zhuoyu and Perakis, Georgia},
title = {The Impact of a Target on Newsvendor Decisions},
journal = {Manufacturing \& Service Operations Management},
volume = {17},
number = {1},
pages = {78-86},
year = {2015}
}

@book{Ch12,
  author = {Choi, T.-M.},
  year = {2012},
  title = {Handbook of Newsvendor Problems},
  address = {New York},
  publisher = {Springer}
}

@article{FR96,
author = {Fisher, Marshall and Raman, Ananth},
title = {Reducing the Cost of Demand Uncertainty Through Accurate Response to Early Sales},
journal = {Operations Research},
volume = {44},
number = {1},
pages = {87-99},
year = {1996}
}

@article{FKZ11,
author = {Tianjun Feng and L. Robin Keller and Xiaona Zheng},
title = {Decision making in the newsvendor problem: A cross-national laboratory study},
journal = {Omega},
volume = {39},
number = {1},
pages = {41-50},
year = {2011}
}

@book{HW63,
  author={Hadley, G. and Whitin, T.M.},
  year={1963},
  title={Analysis of Inventory Systems},
  address={Englewood Cliffs, NJ},
  publisher={Prentice-Hall}
}

@article{KT79,
author = {Daniel Kahneman and Amos Tversky},
title = {On the interpretation of intuitive probability: A reply to Jonathan Cohen},
journal = {Cognition},
volume = {7},
number = {4},
pages = {409-411},
year = {1979}
}

@article{SC00,
author = {Schweitzer, Maurice E. and Cachon, Gérard P.},
title = {Decision Bias in the Newsvendor Problem with a Known Demand Distribution: Experimental Evidence},
journal = {Management Science},
volume = {46},
number = {3},
pages = {404-420},
year = {2000}
}

@article{S08,
author = {Su, Xuanming},
title = {Bounded Rationality in Newsvendor Models},
journal = {Manufacturing \& Service Operations Management},
volume = {10},
number = {4},
pages = {566-589},
year = {2008}
}

@article{ZS19,
author = {Zhang, Yinghao and Siemsen, Enno},
title = {A Meta-Analysis of Newsvendor Experiments: Revisiting the Pull-to-Center Asymmetry},
journal = {Production and Operations Management},
volume = {28},
number = {1},
pages = {140-156},
year = {2019}
}